@inproceedings{yuan2024ensuring,
  title={Ensuring Fairness with Transparent Auditing of Quantitative Bias in AI Systems},
  author={Yuan, Chih-Cheng Rex and Wang, Bow-Yaw},
  booktitle={2024 Pacific Neighborhood Consortium Annual Conference and Joint Meetings (PNC)},
  pages={25--32},
  year={2024},
  organization={IEEE}
}

@article{pessach2022review,
  title={A review on fairness in machine learning},
  author={Pessach, Dana and Shmueli, Erez},
  journal={ACM Computing Surveys (CSUR)},
  volume={55},
  number={3},
  pages={1--44},
  year={2022},
  publisher={ACM New York, NY}
}

@book{barocas2023fairness,
  title={Fairness and machine learning: Limitations and opportunities},
  author={Barocas, Solon and Hardt, Moritz and Narayanan, Arvind},
  year={2023},
  publisher={MIT press}
}

@inproceedings{barak2007privacy,
  title={Privacy, accuracy, and consistency too: a holistic solution to contingency table release},
  author={Barak, Boaz and Chaudhuri, Kamalika and Dwork, Cynthia and Kale, Satyen and McSherry, Frank and Talwar, Kunal},
  booktitle={Proceedings of the twenty-sixth ACM SIGMOD-SIGACT-SIGART symposium on Principles of database systems},
  pages={273--282},
  year={2007}
}

@inproceedings{dwork2006calibrating,
  title={Calibrating noise to sensitivity in private data analysis},
  author={Dwork, Cynthia and McSherry, Frank and Nissim, Kobbi and Smith, Adam},
  booktitle={Theory of Cryptography: Third Theory of Cryptography Conference, TCC 2006, New York, NY, USA, March 4-7, 2006. Proceedings 3},
  pages={265--284},
  year={2006},
  organization={Springer}
}

@article{dwork2014algorithmic,
  title={The algorithmic foundations of differential privacy},
  author={Dwork, Cynthia and Roth, Aaron and others},
  journal={Foundations and Trends{\textregistered} in Theoretical Computer Science},
  volume={9},
  number={3--4},
  pages={211--407},
  year={2014},
  publisher={Now Publishers, Inc.}
}

@article{mckenna2021winning,
  title={Winning the NIST Contest: A scalable and general approach to differentially private synthetic data},
  author={McKenna, Ryan and Miklau, Gerome and Sheldon, Daniel},
  journal={arXiv preprint arXiv:2108.04978},
  year={2021}
}

@inproceedings{mckenna2019graphical,
  title={Graphical-model based estimation and inference for differential privacy},
  author={McKenna, Ryan and Sheldon, Daniel and Miklau, Gerome},
  booktitle={International Conference on Machine Learning},
  pages={4435--4444},
  year={2019},
  organization={PMLR}
}

@article{van2014renyi,
  title={R{\'e}nyi divergence and Kullback-Leibler divergence},
  author={Van Erven, Tim and Harremos, Peter},
  journal={IEEE Transactions on Information Theory},
  volume={60},
  number={7},
  pages={3797--3820},
  year={2014},
  publisher={IEEE}
}

@inproceedings{feldman2018privacy,
  title={Privacy amplification by iteration},
  author={Feldman, Vitaly and Mironov, Ilya and Talwar, Kunal and Thakurta, Abhradeep},
  booktitle={2018 IEEE 59th Annual Symposium on Foundations of Computer Science (FOCS)},
  pages={521--532},
  year={2018},
  organization={IEEE}
}

@inproceedings{mironov2017renyi,
  title={R{\'e}nyi differential privacy},
  author={Mironov, Ilya},
  booktitle={2017 IEEE 30th computer security foundations symposium (CSF)},
  pages={263--275},
  year={2017},
  organization={IEEE}
}

@misc{Ullman2022,
  author       = {Jonathan Ullman},
  title        = {What is Synthetic Data?},
  year         = {2022},
  url          = {https://differentialprivacy.org/synth-data-0/},
  note         = {Accessed: 2024-11-10},
}

@misc{McKenna2022,
  author       = {Ryan McKenna and Terrance Liu},
  title        = {A Simple Recipe for Private Synthetic Data Generation},
  year         = {2022},
  url          = {https://differentialprivacy.org/synth-data-1/},
  note         = {Accessed: 2024-11-10},
}

@misc{McKenna_privatePGM,
  author       = {Ryan McKenna},
  title        = {private-pgm: A library for private probabilistic graphical models},
  year         = {2023},
  url          = {https://github.com/ryan112358/private-pgm},
  note         = {Accessed: 2024-11-10},
}

@misc{NIST2018,
  author       = {{National Institute of Standards and Technology}},
  title        = {2018 Differential Privacy Synthetic Data Challenge},
  year         = {2018},
  url          = {https://www.nist.gov/ctl/pscr/open-innovation-prize-challenges/past-prize-challenges/2018-differential-privacy-synthetic},
  note         = {Accessed: 2024-11-10},
}

@misc{Prashant1112023,
  author       = {Prashant111},
  title        = {EDA, Logistic Regression, PCA},
  year         = {2023},
  url          = {https://www.kaggle.com/code/prashant111/eda-logistic-regression-pca#Introduction-to-Principal-Component-Analysis-(PCA)},
  note         = {Accessed: 2024-11-10},
}

@misc{Ipbyrne2023,
  author       = {Ipbyrne},
  title        = {Income Prediction (84.369\% Accuracy)},
  year         = {2023},
  url          = {https://www.kaggle.com/code/ipbyrne/income-prediction-84-369-accuracy},
  note         = {Accessed: 2024-11-10},
}
